@inbook{neal:2012,
    author      = {Radford M. Neal},
    title       = {Handbook of Markov Chain Monte Carlo},
    chapter     = {5: MCMC Using Hamiltonian Dynamics},
    year        = {2011},
    publisher   = {CRC Press}
}

@inbook{goodfellow:2016,
    author      = {Goodfellow, Ian and Bengio, Yoshua and Courville, Aaron},
    year        = {2016},
    title       = {Deep Learning},
    chapter     = {6.5 Back-Propagation and Other Differentiation Algorithms},
    publisher   = {MIT Press},
    pages       = {200â€“220},
    ISBN        = {9780262035613}
}

@Article{hoffman:2011,
    author      = {Matthew D. Hoffman and Andrew Gelman},
    title       = {The No-U-Turn Sampler: Adaptively Setting Path Lengths in Hamiltonian Monte Carlo},
    version     = {1},
    date        = {2011-11-18},
    eprinttype  = {arxiv},
    eprintclass = {stat.CO, cs.LG},
    eprint      = {http://arxiv.org/abs/1111.4246v1},
    url         = {http://arxiv.org/abs/1111.4246v1}
}

@inproceedings{gu2015deep,
  title={Deep specifications and certified abstraction layers},
  author={Gu, Ronghui and Koenig, J{\'e}r{\'e}mie and Ramananandro, Tahina and Shao, Zhong and Wu, Xiongnan Newman and Weng, Shu-Chun and Zhang, Haozhong},
  booktitle={Proceedings of the 42nd ACM SIGPLAN-SIGACT Symposium on Principles of Programming Languages},
  year={2015},
  organization={ACM}
}
